@article{刘件2008中文分词算法研究,
  title   = {中文分词算法研究},
  author  = {刘件 and 魏程},
  journal = {微计算机应用},
  volume  = {29},
  number  = {8},
  pages   = {11--16},
  year    = {2008}
}

@article{汪文妃2018中文分词算法研究综述,
  title   = {中文分词算法研究综述},
  author  = {汪文妃 and 徐豪杰 and 杨文珍 and 吴新丽},
  journal = {成组技术与生产现代化},
  volume  = {3},
  year    = {2018}
}

@article{张磊2009中文分词算法解析,
  title   = {中文分词算法解析},
  author  = {张磊 and 张代远},
  journal = {电脑知识与技术: 学术交流},
  volume  = {5},
  number  = {1},
  pages   = {192--193},
  year    = {2009}
}

@article{张启宇2008中文分词算法研究综述,
  title   = {中文分词算法研究综述},
  author  = {张启宇 and 朱玲 and 张雅萍},
  journal = {情报探索},
  number  = {11},
  pages   = {53--56},
  year    = {2008}
}

@article{bajracharyareview,
  title  = {A REVIEW ON JAVA HASHMAP AND TREEMAP},
  author = {Bajracharya, Dinesh and Kathmandu, Nepal}
}

@article{bodon2003trie,
  title     = {Trie: an alternative data structure for data mining algorithms},
  author    = {Bodon, Ferenc and R{\'o}nyai, Lajos},
  journal   = {Mathematical and Computer Modelling},
  volume    = {38},
  number    = {7-9},
  pages     = {739--751},
  year      = {2003},
  publisher = {Elsevier}
}

@article{forney1973viterbi,
  title     = {The viterbi algorithm},
  author    = {Forney, G David},
  journal   = {Proceedings of the IEEE},
  volume    = {61},
  number    = {3},
  pages     = {268--278},
  year      = {1973},
  publisher = {Ieee}
}

@inproceedings{garfinkel2013detecting,
  title        = {Detecting threatening insiders with lightweight media forensics},
  author       = {Garfinkel, Simson L and Beebe, Nicole and Liu, Lishu and Maasberg, Michele},
  booktitle    = {2013 IEEE International Conference on Technologies for Homeland Security (HST)},
  pages        = {86--92},
  year         = {2013},
  organization = {IEEE}
}
