@book{Aho:72,
  author    = {Alfred V. Aho and Jeffrey D. Ullman},
  title     = {The Theory of Parsing, Translation and Compiling},
  year      = {1972},
  volume    = {1},
  publisher = {Prentice-Hall},
  address   = {Englewood Cliffs, NJ}
}
